@article{Joosten-AFP17,
  author =   {Stef Joosten},
  title =    {Preserving Invariance of Rules in Relation Algebra},
  journal =  {Archive of Formal Proofs},
  month =    Jun,
  year =     2017,
  note =     {\url{http://isa-afp.org/entries/DiskPaxos.shtml}, Formal proof development},
  ISSN =     {2150-914x}
}

@inproceedings{Joosten2017,
author="Joosten, Stef",
editor="H{\"o}fner, Peter and Pous, Damien and Struth, Georg",
title="Software Development in Relation Algebra with Ampersand",
bookTitle="Relational and Algebraic Methods in Computer Science: 16th International Conference, RAMiCS 2017, Lyon, France, May 15-18, 2017, Proceedings",
year="2017",
publisher="Springer International Publishing",
address="Cham",
pages="177--192",
isbn="978-3-319-57418-9"
}

@inproceedings{Michels2011,
 author = {Gerard Michels and Sebastiaan Joosten and Jaap van der Woude and Stef Joosten},
 title = {Ampersand: Applying Relation Algebra in Practice},
 booktitle = {Proceedings of the 12th conference on Relational and Algebraic Methods in Computer Science RAMICS'11},
 series = {Lecture Notes in Computer Science 6663},
 isbn = {978-3-642-21069-3},
 pages = {280-293},
 articleno = {},
 numpages = {},
 publisher = {Springer-Verlag},
 address = {Berlin},
isbn="978-3-642-21070-9",
YEAR = {2011}  }

@incollection{Schmidt1997,
 author = {Schmidt, Gunther and Hattensperger, Claudia and Winter, Michael},
 title = {Heterogeneous relation algebra},
 pages = {39--53},
   editor    = {Chris Brink and Wolfram Kahl and Gunther Schmidt},
 booktitle   = {Relational Methods in Computer Science},
   publisher = {Springer-Verlag},
   series    = {Advances in Computing},
   address   = {Wien, New York},
   note      = {ISBN 3-211-82971-7},
   year      = 1997
 }

@inproceedings{vdWoude2011,
AUTHOR = "Woude, Jaap van der and Joosten, Stef",
TITLE = "Relational Heterogeneity Relaxed by Subtyping.",
 booktitle = {Proceedings of the 12th conference on Relational and Algebraic Methods in Computer Science},
 publisher = {Springer-Verlag},
 address = {Berlin},
series = {Lecture Notes in Computer Science 6663},
 isbn = {978-3-642-21069-3},
PAGES = {347-361},
YEAR = {2011}  }

